@article{example,
  author = {Knuth, Donald E.},
  year = {1986},
  title = {The {\TeX} book},
}
